<record><leader>00000cas a22000007a 4500</leader><controlfield tag="001">18935001</controlfield><controlfield tag="008">881221d19141926iduwr ne      0    0eng d</controlfield><datafield ind1=" " ind2=" " tag="010"><subfield code="a">sn 88056180 </subfield></datafield><datafield ind1=" " ind2=" " tag="040"><subfield code="a">NVB</subfield><subfield code="b">eng</subfield><subfield code="c">NVB</subfield><subfield code="d">OCLCQ</subfield></datafield><datafield ind1=" " ind2=" " tag="042"><subfield code="a">msc</subfield></datafield><datafield ind1=" " ind2=" " tag="043"><subfield code="a">n-us-id</subfield></datafield><datafield ind1="0" ind2=" " tag="130"><subfield code="a">Eagle enterprise (Eagle, Idaho : 1914)</subfield></datafield><datafield ind1="1" ind2="4" tag="245"><subfield code="a">The Eagle enterprise.</subfield></datafield><datafield ind1=" " ind2=" " tag="260"><subfield code="a">Eagle, Idaho :</subfield><subfield code="b">[s.n.]</subfield></datafield><datafield ind1=" " ind2=" " tag="300"><subfield code="a">v.</subfield></datafield><datafield ind1=" " ind2=" " tag="310"><subfield code="a">Weekly</subfield></datafield><datafield ind1="1" ind2=" " tag="362"><subfield code="a">Began in 1914; ceased in 1926?</subfield></datafield><datafield ind1=" " ind2=" " tag="588"><subfield code="a">Description based on: Vol. 1 (Nov. 16, 1926).</subfield></datafield><datafield ind1=" " ind2="0" tag="651"><subfield code="a">Eagle (Idaho)</subfield><subfield code="v">Newspapers.</subfield></datafield><datafield ind1=" " ind2=" " tag="752"><subfield code="a">United States</subfield><subfield code="b">Idaho</subfield><subfield code="c">Ada</subfield><subfield code="d">Eagle.</subfield></datafield></record>